@ARTICLE{ZHANG2017,
title = {Numerical analysis of cavitation shedding flow around a three-dimensional hydrofoil using an improved filter-based model},
journal = {Journal of Hydrodynamics, Ser. B},
volume = {29},
number = {2},
pages = {361-375},
year = {2017},
issn = {1001-6058},
doi = {https://doi.org/10.1016/S1001-6058(16)60746-1},
url = {https://www.sciencedirect.com/science/article/pii/S1001605816607461},
author = {De-sheng Zhang and Wei-dong Shi and Guang-jian Zhang and Jian Chen and B.P.M. (Bart) van Esch},
}

@ARTICLE{Menter,
author = {Menter, Florian and Matyushenko, Alexey and Lechner, Richard},
year = {2020},
month = {01},
pages = {101-109},
title = {Development of a Generalized k-omega Two-Equation Turbulence Model},
isbn = {978-3-030-25252-6},
doi = {10.1007/978-3-030-25253-3_10},
}

@ARTICLE{JI2015,
title = {Large Eddy Simulation and theoretical investigations of the transient cavitating vortical flow structure around a NACA66 hydrofoil},
journal = {International Journal of Multiphase Flow},
volume = {68},
pages = {121-134},
year = {2015},
issn = {0301-9322},
doi = {https://doi.org/10.1016/j.ijmultiphaseflow.2014.10.008},
url = {https://www.sciencedirect.com/science/article/pii/S0301932214001967},
author = {B. Ji and X.W. Luo and Roger E.A. Arndt and Xiaoxing Peng and Yulin Wu},
}

@ARTICLE{JI2017,
title = {Large eddy simulation of turbulent attached cavitating flow with special emphasis on large scale structures of the hydrofoil wake and turbulence-cavitation interactions},
journal = {Journal of Hydrodynamics, Ser. B},
volume = {29},
number = {1},
pages = {27-39},
year = {2017},
issn = {1001-6058},
doi = {https://doi.org/10.1016/S1001-6058(16)60715-1},
url = {https://www.sciencedirect.com/science/article/pii/S1001605816607151},
author = {Bin Ji and Yun Long and Xin-ping Long and Zhong-dong Qian and Jia-jian Zhou},
}

@ARTICLE{Hidalgo2014,
	doi = {10.1088/1755-1315/22/5/052013},
	url = {https://doi.org/10.1088/1755-1315/22/5/052013},
	year = {2014},
	month = {mar},
	publisher = {IOP},
	volume = {22},
	number = {5},
	pages = {052013},
	author = {V H Hidalgo and X W Luo and X Escaler and J Ji and A Aguinaga},
	title = {Numerical investigation of unsteady cavitation around a NACA66 hydrofoil using OpenFOAM},
	journal = {IOP Conference Series: Earth and Environmental Science},
}

@ARTICLE{Zhao2021,
AUTHOR = {Zhao, Minsheng and Wan, Decheng and Gao, Yangyang},
TITLE = {Comparative Study of Different Turbulence Models for Cavitational Flows around NACA0012 Hydrofoil},
JOURNAL = {Journal of Marine Science and Engineering},
VOLUME = {9},
YEAR = {2021},
NUMBER = {7},
URL = {https://www.mdpi.com/2077-1312/9/7/742},
ISSN = {2077-1312},
DOI = {10.3390/jmse9070742}
}

@ARTICLE{Hai2020,
author = {Hai, Duong and Nguyen, Thai},
year = {2020},
month = {01},
pages = {},
title = {A Comparative Study of Different Cavitation and Turbulent Models of Cavitating Flow Using OpenFOAM}
}

@ARTICLE{Hidalgo2014-2,
author = {HIDALGO DIAZ, Victor and Luo, Xianwu and Huang, Renfang and Cando, Edgar},
year = {2014},
month = {08},
pages = {},
title = {Numerical Simulation of Cavitating Flow Over 2d Hydrofoil Using Openfoam Adapted for Debian Operating System with Lxde Based in Kernel Gnu/linux},
journal = {ASME 2014 4th Joint US-European Fluids Engineering Division Summer Meeting collocated with the ASME 2014 12th International Conference on Nanochannels, Microchannels, and Minichannels},
doi = {10.13140/2.1.2881.2169}
}

@ARTICLE{Deimel2013,
author = {Deimel, Christian and Günther, Markus and Skoda, Romuald},
year = {2013},
month = {11},
pages = {},
title = {Application of a pressure based CFD code with mass transfer model based on the Rayleigh equation for the numerical simulation of the cavitating flow around a hydrofoil with circular leading edge},
volume = {67},
journal = {EPJ Web of Conferences},
doi = {10.1051/epjconf/20146702018}
}

@ARTICLE{{Hidalgo2019,
AUTHOR = {Hidalgo, Víctor and Escaler, Xavier and Valencia, Esteban and Peng, Xiaoxing and Erazo, José and Puga, Diana and Luo, Xianwu},
TITLE = {Scale-Adaptive Simulation of Unsteady Cavitation Around a Naca66 Hydrofoil},
JOURNAL = {Applied Sciences},
VOLUME = {9},
YEAR = {2019},
NUMBER = {18},
URL = {https://www.mdpi.com/2076-3417/9/18/3696},
ISSN = {2076-3417},
DOI = {10.3390/app9183696}
}

@ARTICLE{Bensow2011,
author = {Bensow, Rickard},
year = {2011},
month = {01},
pages = {},
title = {Simulation of the unsteady cavitation on the the Delft Twist11 foil using RANS, DES and LES}
}

@ARTICLE{Bensow2010,
author = {Bensow, Rickard and Bark, Göran},
year = {2010},
month = {07},
pages = {14-17},
title = {Simulating Cavitating Flows with LES in OpenFOAM}
}

@ARTICLE{ceccio2001, 
title={Partial cavity flows. Part 1. Cavities forming on models without spanwise variation}, 
volume={431}, DOI={10.1017/S0022112000002925}, journal={Journal of Fluid Mechanics}, 
publisher={Cambridge University Press}, 
author={LABERTEAUX, K. R. and CECCIO, S. L.}, 
year={2001}, 
pages={1–41}
}

@BOOK{FundamentalsofCavitation.2004,
    author  = "JEAN-PIERRE FRANC,JEAN-MARIE MICHEL",
    title   = "Fundamentals of Cavitation",
    publisher = "KLUWER ACADEMIC PUBLISHERS",
    year      = "2004",
    edition   = "76"
}

@BOOK{CavitationandBubbleDynamics.1995,
    author  = "Christopher E. Brennen",
    title   = "Cavitation and Bubble Dynamics",
    publisher = "Oxford University Press",
    year      = "1995",
    edition   = "44"
}

@BOOK{brennen2005,  
title={Fundamentals of Multiphase Flow}, 
DOI={10.1017/CBO9780511807169}, 
publisher={Cambridge University Press}, 
author={Brennen, Christopher E.}, 
year={2005}
}

@BOOK{pope2000,  
title={Turbulent Flows}, 
DOI={10.1017/CBO9780511840531}, 
publisher={Cambridge University Press}, 
author={Pope, Stephen B.}, year={2000}
}

@BOOK{ANSYS,
    author  = "ANSYS Inc",
    title   = "ANSYS FLUENT THEORY GUIDE",
    publisher = "ANSYS",
    year      = "2013",
    edition   = "15.0"
}

@BOOK{OpenFoam,
    author  = "Christopher J. Greenshields",
    title   = "OpenFoam User Guide",
    publisher = "OpenFOAM Foundation Ltd",
     year      = "2021",
    edition   = "Version 9"
}

@Misc{OpenFOAM-9,
  Author =       {{The OpenFOAM Foundation}},
  Url =          {https://openfoam.org/version/9/}
}

@book{Peric,
  Title =        "{Computational Methods for Fluid Dynamics}",
  Author =       {Ferziger, J. H. and Peri\'{c}, M. and R. L. Street},
  Publisher =    {Springer},
  Year =         2020,
  Edition =      {4th Edition}
}
